@article{ode,
  title={Open dynamics engine},
  author={Smith, Russell and others},
  year={2005}
}
@inproceedings{gazebo,
  title={Design and use paradigms for gazebo, an open-source multi-robot simulator},
  author={Koenig, Nathan and Howard, Andrew},
  booktitle={2004 IEEE/RSJ International Conference on Intelligent Robots and Systems (IROS)(IEEE Cat. No. 04CH37566)},
  volume={3},
  pages={2149--2154},
  year={2004},
  organization={IEEE}
}

@article{opensim,
  title={OpenSim: open-source software to create and analyze dynamic simulations of movement},
  author={Delp, Scott L and Anderson, Frank C and Arnold, Allison S and Loan, Peter and Habib, Ayman and John, Chand T and Guendelman, Eran and Thelen, Darryl G},
  journal={IEEE transactions on biomedical engineering},
  volume={54},
  number={11},
  pages={1940--1950},
  year={2007},
  publisher={IEEE}
}
@inproceedings{pazderski2004practical,
  title={Practical stabilization of 4WD skid-steering mobile robot},
  author={Pazderski, Dariusz and Kozlowski, Krzysztof and Lawniczak, Marek},
  booktitle={Proceedings of the Fourth International Workshop on Robot Motion and Control (IEEE Cat. No. 04EX891)},
  pages={175--180},
  year={2004},
  organization={IEEE}
}

@article{kozlowski2004modeling,
  title={Modeling and control of a 4-wheel skid-steering mobile robot},
  author={Koz{\l}owski, Krzysztof and Pazderski, Dariusz},
  journal={International journal of applied mathematics and computer science},
  volume={14},
  pages={477--496},
  year={2004}
}

@inproceedings{mandow2007experimental,
  title={Experimental kinematics for wheeled skid-steer mobile robots},
  author={Mandow, Anthony and Martinez, Jorge L and Morales, Jes{\'u}s and Blanco, Jos{\'e} L and Garcia-Cerezo, Alfonso and Gonzalez, Javier},
  booktitle={2007 IEEE/RSJ international conference on intelligent robots and systems},
  pages={1222--1227},
  year={2007},
  organization={IEEE}
}
@inproceedings{snow,
  title={Evaluation of Skid-Steering Kinematic Models for Subarctic Environments},
  author={Baril, Dominic and Grondin, Vincent and Desch{\^e}nes, Simon-Pierre and Laconte, Johann and Vaidis, Maxime and Kubelka, Vladim{\'\i}r and Gallant, Andr{\'e} and Giguere, Philippe and Pomerleau, Fran{\c{c}}ois},
  booktitle={2020 17th Conference on Computer and Robot Vision (CRV)},
  pages={198--205},
  year={2020},
  organization={IEEE}
}

@inproceedings{vrep,
  title={V-REP: A versatile and scalable robot simulation framework},
  author={Rohmer, Eric and Singh, Surya PN and Freese, Marc},
  booktitle={2013 IEEE/RSJ International Conference on Intelligent Robots and Systems},
  pages={1321--1326},
  year={2013},
  organization={IEEE}
}

@article{bon,
  title={Toward replicable and measurable robotics research [from the guest editors]},
  author={Bonsignorio, Fabio and Del Pobil, Angel P},
  journal={IEEE Robotics \& Automation Magazine},
  volume={22},
  number={3},
  pages={32--35},
  year={2015},
  publisher={IEEE}
}

@article{webots,
  title={Cyberbotics Ltd. Webotsâ„¢: professional mobile robot simulation},
  author={Michel, Olivier},
  journal={International Journal of Advanced Robotic Systems},
  volume={1},
  number={1},
  pages={5},
  year={2004},
  publisher={SAGE Publications Sage UK: London, England}
}


